@misc{JDBC,
  title = {JDBC},
  howpublished={\url{http://www.oracle.com/technetwork/java/overview-141217.html}}
}

@misc{ODBC,
  title = {ODBC},
  howpublished={\url{https://docs.microsoft.com/en-us/sql/odbc/microsoft-open-database-connectivity-odbc}}
}

@misc{ADO,
  title = {ADO},
  howpublished={\url{https://msdn.microsoft.com/en-us/library/ms805098.aspx}}
}

@misc{pyodbc,
  title = {pyodbc},
  howpublished={\url{https://code.google.com/archive/p/pyodbc/}}
}

@misc{pymysql,
  title = {pymysql},
  howpublished={\url{https://pypi.python.org/pypi/PyMySQL}}
}

@misc{mysqldb,
  title = {mysqldb},
  howpublished={\url{http://mysql-python.sourceforge.net/MySQLdb.html}}
}

@misc{asyncio,
  title = {asyncio},
  howpublished={\url{https://docs.python.org/3/library/asyncio.html}}
}

@misc{aiomysql,
  title = {aiomysql},
  howpublished={\url{https://github.com/aio-libs/aiomysql}}
}

@misc{Amazon,
  author = {Julian McAuley},
  title = {Amazon Product Data},
  howpublished={\url{http://jmcauley.ucsd.edu/data/amazon/}}
}